@book{ybk,
  author = "Michael Snoyman",
  title = "Developing Web Applications with Haskell and Yesod",
  publisher = "O'Reilly",
  year = "2012",
  edition = "1st edition",
  url = "https://www.yesodweb.com/book"
}

@inbook{ybkHaskell,
  author = "Michael Snoyman",
  title = "Developing Web Applications with Haskell and Yesod",
  publisher = "O'Reilly",
  year = "2012",
  edition = "1st edition",
  chapter = "Haskell",
  url = "https://www.yesodweb.com/book/haskell"
}

@inbook{ybkShakes,
  author = "Michael Snoyman",
  title = "Developing Web Applications with Haskell and Yesod",
  publisher = "O'Reilly",
  year = "2012",
  edition = "1st edition",
  chapter = "Shakespearean Templates",
  url = "https://www.yesodweb.com/book/shakespearean-templates"
}

@inbook{ybkRouting,
  author = "Michael Snoyman",
  title = "Developing Web Applications with Haskell and Yesod",
  publisher = "O'Reilly",
  year = "2012",
  edition = "1st edition",
  chapter = "Routing and Handlers",
  url = "https://www.yesodweb.com/book/routing-and-handlers"
}


@inbook{ybkScaffolding,
  author = "Michael Snoyman",
  title = "Developing Web Applications with Haskell and Yesod",
  publisher = "O'Reilly",
  year = "2012",
  edition = "1st edition",
  chapter = "Scaffolding and the Site Template",
  url = "https://www.yesodweb.com/book/scaffolding-and-the-site-template"
}

